% This is the bibliography file.
% Add your BibTeX entries here.
